% Note RFCs provide the bib entries "as is" if you click on the bibtex
    % link at the top of the page. They will show something like the
    % contents of https://datatracker.ietf.org/doc/rfc1918/bibtex/,
    % which is exactly what we have included here!

@misc{bib:rfc1918,
    series       = {Request for Comments},
    number       = {1918},
    howpublished = {RFC 1918},
    publisher    = {RFC Editor},
    doi          = {10.17487/RFC1918},
    url          = {\url{https://rfc-editor.org/rfc/rfc1918.txt}},
    author       = {Robert Moskowitz and Daniel Karrenberg and Yakov Rekhter and Eliot Lear and Geert Jan de Groot},
    title        = {{Address Allocation for Private Internets}},
    pagetotal    = {9},
    year         = {1996},
    month        = {February},
    abstract     = {This document describes address allocation for private internets. This document specifies an Internet Best Current Practices for the Internet Community, and requests discussion and suggestions for improvements.}
}
