% We decided to cite images in the same way as websites.

@misc{bib:linux-map,
    title        = {Image Portraying the structure of the {Linux} kernel},
    howpublished = {\url{https://upload.wikimedia.org/wikipedia/commons/5/5b/Linux_kernel_map.png}},
    note         = {Accessed: 14/06/2021}
}
