% We decided to use the manual template for manpages (thanks Carrascal)
    % and the misc template for websites containing documentation,
    % such as Python's docs.

@manual{bib:man-namespaces,
    title        = {{namespaces - overview of Linux namespaces}},
    author       = {Michael Kerrisk},
    organization = {The Linux man-pages Project},
    address      = {\url{https://www.kernel.org/doc/man-pages/}},
    edition      = {5.11},
    note         = {\url{https://man7.org/linux/man-pages/man7/namespaces.7.html}},
    month        = {March},
    year         = {2021}
}

@misc{bib:python-builtins,
    title        = {{Python} Built-in Functions},
    howpublished = {\url{https://docs.python.org/3/library/functions.html}},
    note         = {Accessed: 15/06/2021}
}
