% We settled on citing websites through the misc template.
    % Note the \url{} command is provided by the hyperref
    % package that's included in the preamble.

@misc{bib:brd-iptables-calls,
    title        = {{Thread} Discussing the Interaction Between Kernel Bridges and iptables},
    howpublished = {\url{http://patchwork.ozlabs.org/project/netdev/patch/1246379267.3749.42.camel@blaa/}},
    note         = {Accessed: 15/06/2021}
}
